<?xml version="1.0" encoding="UTF-8"?><collection xmlns="http://www.loc.gov/MARC21/slim"><record><leader>00401nam--2200145-i-4500</leader><controlfield tag="001">000041217</controlfield><controlfield tag="002">20161230</controlfield><controlfield tag="005">20170122111058</controlfield><controlfield tag="008">060222s1000------------r-----000-0-eng-d</controlfield><datafield ind1=" " ind2=" " tag="100"><subfield code="a">Semenov, N. N</subfield></datafield><datafield ind1=" " ind2=" " tag="245"><subfield code="a">Some problems of chemical kinetics and reactivity</subfield></datafield><datafield ind1=" " ind2=" " tag="260"><subfield code="a">London</subfield><subfield code="b">Pergamon Press</subfield><subfield code="c">1958-59</subfield></datafield><datafield ind1=" " ind2=" " tag="300"><subfield code="a">305 p.+ 31 Fig, 168 p. + 73 Fig</subfield></datafield><datafield ind1=" " ind2=" " tag="852"><subfield code="a">14610</subfield></datafield><datafield ind1=" " ind2=" " tag="CAT"><subfield code="a">SYS</subfield><subfield code="c">20170122</subfield><subfield code="h">111058</subfield></datafield></record></collection>